@article{extensible,
  title={Extensible Type-Directing Editing},
  author={Joomy Korkut and David Thrane Christiansen},
  booktitle={The 3rd ACM SIGPLAN International Workshop on Type-Driven Development},
  year={2018}
}

@article{magalhaes2010generic,
  title={A generic deriving mechanism for Haskell},
  author={Magalh{\~a}es, Jos{\'e} Pedro and Dijkstra, Atze and Jeuring, Johan and L{\"o}h, Andres},
  journal={ACM Sigplan Notices},
  volume={45},
  number={11},
  pages={37--48},
  year={2010},
  publisher={ACM}
}
